@inproceedings{finnsson2012generalized,
 title={Generalized Monte-Carlo Tree Search Extensions for General Game Playing.},
 author={Finnsson, Hilmar},
 booktitle={AAAI},
 year={2012}
}

@article{gelly2011monte,
 title={Monte-Carlo tree search and rapid action value estimation in computer Go},
 author={Gelly, Sylvain and Silver, David},
 journal={Artificial Intelligence},
 volume={175},
 number={11},
 pages={1856--1875},
 year={2011},
 publisher={Elsevier}
}]

@inproceedings{long2010understanding,
 title={Understanding the Success of Perfect Information Monte Carlo Sampling in Game Tree Search.},
 author={Long, Jeffrey Richard and Sturtevant, Nathan R and Buro, Michael and Furtak, Timothy},
 booktitle={AAAI},
 year={2010}
}

 @misc{StanfordGGP,
  title = {General Game Playing},
  howpublished = {games.stanford.edu},
  note = {Accessed: 2013-11-14},
  author={Genesereth, Seth},
  year={2013}
 }

@phdthesis{byrd2010relational,
  title={Relational programming in minikanren: techniques, applications, and implementations},
  author={Byrd, William E},
  year={2010},
  school={Indiana University}
}

@book{reasonedschemer,
  title={The Reasoned Schemer},
  author={Friedman, Dan P and Byrd, Willian E and Kiselyov, Oleg},
  year={2005},
  publisher={MIT Press}
}

@misc{randomcomp,
 howpublished={randomcomputation.blogspot.com},
 author={jccc},
 year={2013}
}

@inproceedings{finnbjorn,
 author={Finnsson, H and  Bj\"{o}rnsson, Y},
 year={2011},
 title={Game-tree properties and MCTS performance},
 booktitle={The IJCAI Workshop on General Game Playing (GIGA '11)}
}